@article{hoare1969axiomatic,
  title={An axiomatic basis for computer programming},
  author={Hoare, Charles Antony Richard},
  journal={Communications of the ACM},
  volume={12},
  number={10},
  pages={576--580},
  year={1969},
  publisher={ACM New York, NY, USA}
}


@ARTICLE{Landin66,
  AUTHOR = {Peter J. Landin},
  TITLE = {The Next 700 Programming Languages},
  JOURNAL = {Communications of the {ACM}},
  VOLUME = 9,
  NUMBER = 3,
  MONTH = MAR,
  YEAR = 1966,
  PAGES = {157--166},
  CHECKED = {Yes}
}
@ARTICLE{Milner78,
  KEY = {Milner78},
  AUTHOR = {Robin Milner},
  TITLE = {A Theory of Type Polymorphism in Programming},
  JOURNAL = {Journal of Computer and System Sciences},
  VOLUME = {17},
  MONTH = AUG,
  YEAR = {1978},
  PAGES = {348--375},
  SOURCE = {ergobib},
  CHECKED = {Not checked}
}
@ARTICLE{Plotkin:CallByNameCallByValue,
  AUTHOR = {Gordon Plotkin},
  TITLE = {Call-by-name, Call-by-value, and the $\lambda$-Calculus},
  JOURNAL = {Theoretical Computer Science},
  VOLUME = {1},
  PAGES = {125--159},
  YEAR = {1975}
}
@INPROCEEDINGS{REYNOLDS74,
  KEY = {Reynolds74},
  AUTHOR = {John C. Reynolds},
  TITLE = {Towards a Theory of Type Structure},
  BOOKTITLE = {Colloque sur la Programmation, Paris, France},
  PUBLISHER = {Springer-Verlag},
  OPTADDRESS = {New York},
  SERIES = {Lecture Notes in Computer Science},
  VOLUME = 19,
  YEAR = {1974},
  PAGES = {408--425},
  SOURCE = {From ergobib},
  CHECKED = {Not checked}
}
@ARTICLE{Hoare69,
  AUTHOR = {Hoare, C. A. R.},
  TITLE = {An Axiomatic Basis for Computer Programming},
  JOURNAL = {Communications of the ACM},
  MONTH = {October},
  VOLUME = {12},
  NUMBER = {10},
  YEAR = {1969},
  REPRINT = {Reprinted in \authorcite{Gries} \crosscite[pages~89--100]{GRIES78}},
  PAGES = {576--580 and 583},
  CHECKED = {24 August 1990 by JCR},
  UPDATED = {12 May 1997 by JCR}
}

@ARTICLE{tal-toplas,
  AUTHOR = {Greg Morrisett and David Walker and Karl Crary and Neal Glew},
  TITLE = {From {System-F} to Typed Assembly Language},
  JOURNAL = {ACM Transactions on Programming Languages and Systems},
  VOLUME = 21,
  NUMBER = 3,
  PAGES = {527--568},
  MONTH = MAY,
  YEAR = 1999
}
@INPROCEEDINGS{Cardelli88,
  AUTHOR = {Luca Cardelli},
  TITLE = {A semantics of multiple inheritance},
  BOOKTITLE = {Semantics of Data Types},
  YEAR = 1984,
  PUBLISHER = {Springer-Verlag},
  SERIES = {Lecture Notes in Computer Science},
  VOLUME = 173,
  EDITOR = {G. Kahn and D. MacQueen and G. Plotkin},
  PAGES = {51--67},
  SOURCE = {Cribbed from rwhbib, with (2/3) cribbed from elsewhere},
  CHECKED = {Not checked},
  NOTE = {Full version in \bgroup\em Information and
                  Computation\egroup, 76(2/3):138--164, 1988}
}
@INPROCEEDINGS{DAMAS82,
  KEY = {Damas82},
  AUTHOR = {Luis Damas and Robin Milner},
  TITLE = {Principal Type Schemes for Functional Programs},
  BOOKTITLE = {{ACM} {S}ymposium on {P}rinciples of {P}rogramming
                     {L}anguages ({POPL}), Albuquerque, New Mexico},
  YEAR = {1982},
  PAGES = {207--212},
  SOURCE = {From ergobib},
  CHECKED = {Not checked}
}
@INCOLLECTION{Howard80,
  AUTHOR = {William A. Howard},
  TITLE = {The formulas-as-types notion of construction},
  BOOKTITLE = {To H. B. Curry: Essays on Combinatory Logic, Lambda
                  Calculus, and Formalism},
  EDITOR = {J. P. Seldin and J. R. Hindley},
  PUBLISHER = {Academic Press},
  OPTADDRESS = {New York},
  YEAR = 1980,
  PAGES = {479--490},
  NOTE = {Reprint of 1969 article}
}
@ARTICLE{Landin64,
  AUTHOR = {Peter J. Landin},
  TITLE = {The Mechanical Evaluation of Expressions},
  JOURNAL = {Computer Journal},
  VOLUME = 6,
  NUMBER = 4,
  MONTH = JAN,
  YEAR = 1964,
  PAGES = {308--320},
  CHECKED = {5 June 1992, by JCR}
}
@INPROCEEDINGS{MoggiMonads89,
  AUTHOR = {Eugenio Moggi},
  TITLE = {Computational lambda-calculus and monads},
  CHECKED = {Yes},
  PAGES = {14--23},
  BOOKTITLE = {IEEE Symposium on Logic in Computer Science (LICS), Asilomar, California},
  MONTH = JUN,
  YEAR = 1989,
  NOTE = {Full version, titled {\em Notions of Computation and Monads}, in Information and Computation, 93(1), pp. 55--92, 1991}
}