@ARTICLE{9868090,
  author={Tütüncüoğlu, Feridun and Jošilo, Slađana and Dán, György},
  journal={IEEE/ACM Transactions on Networking}, 
  title={Online Learning for Rate-Adaptive Task Offloading Under Latency Constraints in Serverless Edge Computing}, 
  year={2023},
  volume={31},
  number={2},
  pages={695-709},
  doi={10.1109/TNET.2022.3197669}}
